<record><leader>00000cas a22000007a 4500</leader><controlfield tag="001">18503550</controlfield><controlfield tag="008">880920d19081913laudn ne      0    0eng d</controlfield><controlfield tag="009">8528</controlfield><datafield ind1=" " ind2=" " tag="010"><subfield code="a">sn 88064636 </subfield></datafield><datafield ind1=" " ind2=" " tag="040"><subfield code="a">LNP</subfield><subfield code="b">eng</subfield><subfield code="c">LNP</subfield><subfield code="d">LNP</subfield><subfield code="d">CRL</subfield><subfield code="d">OCLCF</subfield></datafield><datafield ind1="1" ind2=" " tag="029"><subfield code="a">AU@</subfield><subfield code="b">000020516515</subfield></datafield><datafield ind1=" " ind2=" " tag="042"><subfield code="a">msc</subfield></datafield><datafield ind1="0" ind2=" " tag="130"><subfield code="a">New advocate (Baton Rouge, La.)</subfield></datafield><datafield ind1="0" ind2="4" tag="245"><subfield code="a">The New advocate.</subfield></datafield><datafield ind1="1" ind2="7" tag="246"><subfield code="a">Daily state-times--New advocate</subfield><subfield code="f">Nov. 4, 1910-Mar. 4, 1911; Oct. 1, 1912-Apr. 14, 1913.</subfield></datafield><datafield ind1="1" ind2="7" tag="246"><subfield code="a">State-times advocate</subfield><subfield code="f">Apr. 15, 1913-Aug. 30, 1913</subfield></datafield><datafield ind1=" " ind2=" " tag="260"><subfield code="a">Baton Rouge, La. :</subfield><subfield code="b">Ramires &amp; Jones,</subfield><subfield code="c">1908-1913.</subfield></datafield><datafield ind1=" " ind2=" " tag="300"><subfield code="a">v. :</subfield><subfield code="b">ill. ;</subfield><subfield code="c">55-61 cm.</subfield></datafield><datafield ind1=" " ind2=" " tag="310"><subfield code="a">Daily (except Sun.),</subfield><subfield code="b">&lt;Jan. 1, 1910&gt;-1913</subfield></datafield><datafield ind1=" " ind2=" " tag="321"><subfield code="a">Daily (except Sun.),</subfield><subfield code="b">Sept. 3-Oct. 3, 1908</subfield></datafield><datafield ind1=" " ind2=" " tag="321"><subfield code="a">Daily,</subfield><subfield code="b">Oct. 4, 1908-&lt;July 30, 1909&gt;</subfield></datafield><datafield ind1="0" ind2=" " tag="362"><subfield code="a">Vol. 1, no. 1 (Sept. 3, 1908)-v. 5, no. 193 (Aug. 30, 1913).</subfield></datafield><datafield ind1=" " ind2=" " tag="500"><subfield code="a">Official journal of the state of Louisiana and  Parish of East Baton Rouge. (Oct. 14, 1908-  )</subfield></datafield><datafield ind1=" " ind2=" " tag="515"><subfield code="a">Carries additional volume/number sequence for Daily state-times: Vol. 6, no. 37 (July 18, 1910)-v. 7, no. 305 (Aug. 30, 1913).</subfield></datafield><datafield ind1=" " ind2="0" tag="651"><subfield code="a">Baton Rouge (La.)</subfield><subfield code="v">Newspapers.</subfield></datafield><datafield ind1=" " ind2="7" tag="655"><subfield code="a">Newspapers.</subfield><subfield code="2">fast</subfield><subfield code="0">(OCoLC)fst01423814</subfield></datafield><datafield ind1=" " ind2="7" tag="651"><subfield code="a">Louisiana</subfield><subfield code="z">Baton Rouge.</subfield><subfield code="2">fast</subfield><subfield code="0">(OCoLC)fst01205202</subfield></datafield><datafield ind1=" " ind2=" " tag="752"><subfield code="a">United States</subfield><subfield code="b">Louisiana</subfield><subfield code="c">East Baton Rouge</subfield><subfield code="d">Baton Rouge.</subfield></datafield><datafield ind1="0" ind2="5" tag="780"><subfield code="t">Daily state-times</subfield><subfield code="w">(DLC)sn 88064635</subfield><subfield code="w">(OCoLC)18503540</subfield></datafield><datafield ind1="0" ind2="0" tag="785"><subfield code="t">State times advocate</subfield><subfield code="x">1056-4306</subfield><subfield code="w">(DLC)sn 83016835</subfield><subfield code="w">(OCoLC)10157024</subfield></datafield></record>